@inproceedings{koziolek2006parameter,
  title={Parameter dependent performance specifications of software components},
  author={Koziolek, Heiko and Happe, Jens and Becker, Steffen},
  booktitle={International Conference on the Quality of Software Architectures},
  pages={163--179},
  year={2006},
  organization={Springer}
}

% [2]
@article{becker2009palladio,
  title={The Palladio component model for model-driven performance prediction},
  author={Becker, Steffen and Koziolek, Heiko and Reussner, Ralf},
  journal={Journal of Systems and Software},
  volume={82},
  number={1},
  pages={3--22},
  year={2009},
  publisher={Elsevier}
}

% [3]
@inproceedings{burger2013flexible,
  title={Flexible views for view-based model-driven development},
  author={Burger, Erik Johannes},
  booktitle={Proceedings of the 18th international doctoral symposium on Components and architecture},
  pages={25--30},
  year={2013},
  organization={ACM}
}

% [4]
@inproceedings{kramer2013view,
  title={View-centric engineering with synchronized heterogeneous models},
  author={Kramer, Max E and Burger, Erik and Langhammer, Michael},
  booktitle={Proceedings of the 1st Workshop on View-Based, Aspect-Oriented and Orthographic Software Modelling},
  pages={5},
  year={2013},
  organization={ACM}
}

% [5]
@inproceedings{thomas2005erzeugung,
  title={Modellgetriebene Softwareentwicklung : Techniken, Engineering, Management. 1. Aufl.},
  author={Thomas Stahl et al.},
  booktitle={1. Aufl. Heidelberg: dpunkt-Verl.},
  volume={303},
  pages={23--38},
  year={2005}
}

% [6]
@inproceedings{schmidt2006erzeugung,
  title={Guest Editorâ€™s Introduction: ModelDriven Engineering},
  author={D.C. Schmidt.},
  booktitle={In: Computer 39.2},
  volume={303},
  pages={25--31},
  year={2006}
}

% [7]
@inproceedings{goldschmidt2012view,
  title={View-based Modelling-A Tool Oriented Analysis},
  author={Goldschmidt, Thomas and Becker, Steffen and Burger, Erik},
  booktitle={Proceedings of the Modellierung},
  year={2012}
}

% [8]
@inproceedings{langhammer2015co,
  title={A Co-evolution Approach for Source Code and Component-based Architecture Models},
  author={Langhammer, Michael and Krogmann, Klaus},
  booktitle={17. Workshop Software-Reengineering und-Evolution},
  volume={4},
  year={2015}
}

% [9]
@article{langhammer2017automated,
  title={Automated Coevolution of Source Code and So ware Architecture Models},
  author={Langhammer, Michael},
  year={2017}
}

% [10]
@inproceedings{heidenreich2009closing,
  title={Closing the gap between modelling and java},
  author={Heidenreich, Florian and Johannes, Jendrik and Seifert, Mirko and Wende, Christian},
  booktitle={International Conference on Software Language Engineering},
  pages={374--383},
  year={2009},
  organization={Springer}
}

% [11]
@book{steinberg2008emf,
  title={EMF: eclipse modeling framework},
  author={Steinberg, Dave and Budinsky, Frank and Merks, Ed and Paternostro, Marcelo},
  year={2008},
  publisher={Pearson Education}
}

% [12]
@inproceedings{heidenreich2009derivation,
  title={Derivation and refinement of textual syntax for models},
  author={Heidenreich, Florian and Johannes, Jendrik and Karol, Sven and Seifert, Mirko and Wende, Christian},
  booktitle={European Conference on Model Driven Architecture-Foundations and Applications},
  pages={114--129},
  year={2009},
  organization={Springer}
}

% [13]
@article{van2009continuous,
  title={Continuous monitoring of software services: Design and application of the Kieker framework},
  author={van Hoorn, Andr{\'e} and Rohr, Matthias and Hasselbring, Wilhelm and Waller, Jan and Ehlers, Jens and Frey, S{\"o}ren and Kieselhorst, Dennis},
  year={2009},
  publisher={Department of Computer Science, Kiel University, Germany}
}

% [14]
@techreport{jung2013instrumentation,
  title={An instrumentation record language for kieker},
  author={Jung, Reiner},
  year={2013},
  institution={Tech. rep. Kiel University}
}

% [15]
@article{kiczales1997j,
  title={J. lamping, A. Mendhekar, C. Maeda, C. Lopes, J.-M. Loingtier, and J. Irwin. Aspect-oriented programming},
  author={Kiczales, G},
  journal={Lecture notes in Computer Science, ECOOP},
  pages={220--242},
  year={1997}
}

% [16]
@book{krogmann2012reconstruction,
  title={Reconstruction of software component architectures and behaviour models using static and dynamic analysis},
  author={Krogmann, Klaus},
  volume={4},
  year={2012},
  publisher={KIT Scientific Publishing}
}

% [17]
@article{langhammer2017automated,
  title={Automated Coevolution of Source Code and So ware Architecture Models},
  author={Langhammer, Michael},
  year={2017}
}

% [18]
@inproceedings{mazkatli2018continuous,
  title={Continuous Integration of Performance Model},
  author={Mazkatli, Manar and Koziolek, Anne},
  booktitle={Companion of the 2018 ACM/SPEC International Conference on Performance Engineering},
  pages={153--158},
  year={2018},
  organization={ACM}
}

% [19]
@article{brunnert2015performance,
  title={Performance-oriented DevOps: A research agenda},
  author={Brunnert, Andreas and van Hoorn, Andr{\'e} and Willnecker, Felix and Danciu, Alexandru and Hasselbring, Wilhelm and Heger, Christoph and Herbst, Nikolas and Jamshidi, Pooyan and Jung, Reiner and von Kistowski, Joakim and others},
  journal={arXiv preprint arXiv:1508.04752},
  year={2015}
}




